<?xml version="1.0" encoding="UTF-8"?><collection xmlns="http://www.loc.gov/MARC21/slim"><record><leader>00401nam--2200133-i-4500</leader><controlfield tag="001">000019888</controlfield><controlfield tag="002">20161230</controlfield><controlfield tag="005">20161230201033</controlfield><controlfield tag="008">060222s1000------------r-----000-0-eng-d</controlfield><datafield ind1=" " ind2=" " tag="080"><subfield code="a">621.039.5(043)</subfield></datafield><datafield ind1=" " ind2=" " tag="100"><subfield code="a">El Osery, Ibrahim Aly Mahmoud</subfield></datafield><datafield ind1=" " ind2=" " tag="245"><subfield code="a">Reactori nucleari de putere si sistme de stocare a hidrogenului.teza</subfield></datafield><datafield ind1=" " ind2=" " tag="260"><subfield code="a">Bucuresti, Institutul Central De Fizica, 1980 177 P</subfield></datafield><datafield ind1=" " ind2=" " tag="852"><subfield code="a">48202</subfield></datafield></record></collection>